@book{baker,
    author = {Baker, Alan},
    title = {Transcendental Number Theory},
    publisher = {Cambride University Press},
    year = {1975},
    isbn = {978-1-009-22994-4},
}

@book{marcus,
  author       = {Marcus, Daniel A.},
  title        = {Number Fields},
  edition      = {Second},
  series       = {Universitext},
  year         = {2018},
  publisher    = {Springer},
  address      = {Cham},
  isbn         = {978-3-319-90232-6},
  isbn_electronic = {978-3-319-90233-3},
  doi          = {10.1007/978-3-319-90233-3},
  issn         = {0172-5939},
  issn_electronic = {2191-6675},
}

@book{borevich,
  author       = {Borevich, Z. I. and Shafarevich, I. R.},
  title        = {Number Theory},
  year         = {1966},
  publisher    = {Academic Press},
  address      = {New York},
  library      = {Library of Congress Catalog Card Number: 65-28624},
}

@misc{milneANT,
    author={Milne, James S.},
    title={Algebraic Number Theory (v3.08)},
    year={2020},
    note={Available at www.jmilne.org/math/},
    pages={166}
}

@book{neukirch,
  author       = {Neukirch, JÃ¼rgen},
  title        = {Algebraic Number Theory},
  series       = {Grundlehren der mathematischen Wissenschaften},
  year         = {1999},
  publisher    = {Springer},
  isbn         = {3-540-65399-6},
  issn         = {0072-7830},
}

@book{dummit,
  author       = {Dummit, David S. and Foote, Richard M.},
  title        = {Abstract Algebra},
  edition      = {Third},
  year         = {2004},
  publisher    = {Wiley},
  address      = {Hoboken, NJ},
  isbn         = {0-471-43334-9},
}
@misc{earnest,
  author    = {Mike Earnest},
  title     = {Composition of formal power series of exp and log},
  year      = {2022},
  url       = {https://math.stackexchange.com/questions/4488730/composition-of-formal-power-series-of-exp-and-log},
  note      = {Accessed: 2024-05-21}
}

@misc{integrand,
  author    = {Integrand},
  title     = {How to prove that the exponential function is the inverse of the natural logarithm by power series definition alone},
  year      = {2016},
  url       = {https://math.stackexchange.com/questions/1199411/how-to-prove-that-the-exponential-function-is-the-inverse-of-the-natural-logarit},
  note      = {Accessed: 2024-05-21}
}
